{
  "leader": "02149cam a2200445 i 4500",
  "fields": [
    {
      "001": "ocm02552796\\"
    },
    {
      "003": "OCoLC"
    },
    {
      "005": "20220225135235.0"
    },
    {
      "008": "680903m19631967nyua\\\\\\\\\\b\\\\\\\\000\\0\\eng\\\\"
    },
    {
      "010": {
        "ind1": "\\",
        "ind2": "\\",
        "subfields": [
          {
            "a": "   62022113 "
          }
        ]
      }
    },
    {
      "016": {
        "ind1": "7",
        "ind2": "\\",
        "subfields": [
          {
            "a": "0152105"
          },
          {
            "2": "DNLM"
          }
        ]
      }
    },
    {
      "019": {
        "ind1": "\\",
        "ind2": "\\",
        "subfields": [
          {
            "a": "831428"
          },
          {
            "a": "2253631"
          },
          {
            "a": "220011146"
          },
          {
            "a": "660860582"
          },
          {
            "a": "761446644"
          }
        ]
      }
    },
    {
      "035": {
        "ind1": "\\",
        "ind2": "\\",
        "subfields": [
          {
            "a": "(OCoLC)2552796"
          },
          {
            "z": "(OCoLC)831428"
          },
          {
            "z": "(OCoLC)2253631"
          },
          {
            "z": "(OCoLC)220011146"
          },
          {
            "z": "(OCoLC)660860582"
          },
          {
            "z": "(OCoLC)761446644"
          }
        ]
      }
    },
    {
      "040": {
        "ind1": "\\",
        "ind2": "\\",
        "subfields": [
          {
            "a": "NLM"
          },
          {
            "b": "eng"
          },
          {
            "c": "NLM"
          },
          {
            "d": "CSU"
          },
          {
            "d": "DLC"
          },
          {
            "d": "SER"
          },
          {
            "d": "MCL"
          },
          {
            "d": "UKM"
          },
          {
            "d": "UBA"
          },
          {
            "d": "MUQ"
          },
          {
            "d": "BUF"
          },
          {
            "d": "BTCTA"
          },
          {
            "d": "ZWZ"
          },
          {
            "d": "RB#"
          },
          {
            "d": "AU@"
          },
          {
            "d": "INANG"
          },
          {
            "d": "N5L"
          },
          {
            "d": "OCLCF"
          },
          {
            "d": "OCLCQ"
          },
          {
            "d": "OCLCO"
          },
          {
            "d": "EYM"
          },
          {
            "d": "OCLCO"
          }
        ]
      }
    },
    {
      "050": {
        "ind1": "0",
        "ind2": "0",
        "subfields": [
          {
            "a": "RM263"
          },
          {
            "b": ".E9"
          }
        ]
      }
    },
    {
      "060": {
        "ind1": "0",
        "ind2": "0",
        "subfields": [
          {
            "a": "WB 330"
          },
          {
            "b": "S361e"
          }
        ]
      }
    },
    {
      "082": {
        "ind1": "0",
        "ind2": "4",
        "subfields": [
          {
            "a": "616.8918"
          },
          {
            "b": "EXP"
          }
        ]
      }
    },
    {
      "245": {
        "ind1": "0",
        "ind2": "0",
        "subfields": [
          {
            "a": "Experimental chemotherapy /"
          },
          {
            "c": "edited by R.J. Schnitzer [and] Frank Hawking."
          }
        ]
      }
    },
    {
      "260": {
        "ind1": "\\",
        "ind2": "\\",
        "subfields": [
          {
            "a": "New York :"
          },
          {
            "b": "Academic Press,"
          },
          {
            "c": "1963-67."
          }
        ]
      }
    },
    {
      "300": {
        "ind1": "\\",
        "ind2": "\\",
        "subfields": [
          {
            "a": "5 volumes :"
          },
          {
            "b": "illustrations ;"
          },
          {
            "c": "24 cm"
          }
        ]
      }
    },
    {
      "336": {
        "ind1": "\\",
        "ind2": "\\",
        "subfields": [
          {
            "a": "text"
          },
          {
            "b": "txt"
          },
          {
            "2": "rdacontent"
          }
        ]
      }
    },
    {
      "337": {
        "ind1": "\\",
        "ind2": "\\",
        "subfields": [
          {
            "a": "unmediated"
          },
          {
            "b": "n"
          },
          {
            "2": "rdamedia"
          }
        ]
      }
    },
    {
      "338": {
        "ind1": "\\",
        "ind2": "\\",
        "subfields": [
          {
            "a": "volume"
          },
          {
            "b": "nc"
          },
          {
            "2": "rdacarrier"
          }
        ]
      }
    },
    {
      "500": {
        "ind1": "\\",
        "ind2": "\\",
        "subfields": [
          {
            "a": "Partial contents. - v. 2-3. Chemotherapy of bacterial infections, pt. 1-2. - v. 4-5. Chemotherapy of neoplastic diseases, pt. 1-2."
          }
        ]
      }
    },
    {
      "504": {
        "ind1": "\\",
        "ind2": "\\",
        "subfields": [
          {
            "a": "Includes bibliographical references."
          }
        ]
      }
    },
    {
      "505": {
        "ind1": "0",
        "ind2": "\\",
        "subfields": [
          {
            "a": "V.2.Chemotherapy of bacterial infections, pt.1. -- v.3.Chemotherapy of bacterial infections, pt.2. -- v.4.Cheomotherapy of neoplastic diseases, pt.1. -- v.5.Chemotherapy of Neoplastic Diseases, pt.2."
          }
        ]
      }
    },
    {
      "650": {
        "ind1": "\\",
        "ind2": "0",
        "subfields": [
          {
            "a": "Chemotherapy."
          }
        ]
      }
    },
    {
      "650": {
        "ind1": "\\",
        "ind2": "0",
        "subfields": [
          {
            "a": "Veterinary medicine."
          }
        ]
      }
    },
    {
      "650": {
        "ind1": "\\",
        "ind2": "0",
        "subfields": [
          {
            "a": "Veterinary chemotherapy."
          }
        ]
      }
    },
    {
      "650": {
        "ind1": "\\",
        "ind2": "2",
        "subfields": [
          {
            "a": "Drug Therapy"
          }
        ]
      }
    },
    {
      "650": {
        "ind1": "\\",
        "ind2": "2",
        "subfields": [
          {
            "a": "Veterinary Medicine"
          }
        ]
      }
    },
    {
      "650": {
        "ind1": "\\",
        "ind2": "7",
        "subfields": [
          {
            "a": "Chemotherapy."
          },
          {
            "2": "fast"
          },
          {
            "0": "(OCoLC)fst00853595"
          }
        ]
      }
    },
    {
      "650": {
        "ind1": "\\",
        "ind2": "7",
        "subfields": [
          {
            "a": "Veterinary medicine."
          },
          {
            "2": "fast"
          },
          {
            "0": "(OCoLC)fst01165977"
          }
        ]
      }
    },
    {
      "700": {
        "ind1": "1",
        "ind2": "\\",
        "subfields": [
          {
            "a": "Schnitzer, Robert J."
          }
        ]
      }
    },
    {
      "700": {
        "ind1": "1",
        "ind2": "\\",
        "subfields": [
          {
            "a": "Hawking, Frank."
          }
        ]
      }
    },
    {
      "776": {
        "ind1": "0",
        "ind2": "8",
        "subfields": [
          {
            "i": "Online version:"
          },
          {
            "a": "Schnitzer, Robert J. (Robert Julius), b. 1894."
          },
          {
            "t": "Experimental chemotherapy."
          },
          {
            "d": "New York, Academic Press, 1963-67"
          },
          {
            "w": "(OCoLC)599203911"
          }
        ]
      }
    },
    {
      "776": {
        "ind1": "0",
        "ind2": "8",
        "subfields": [
          {
            "i": "Online version:"
          },
          {
            "a": "Schnitzer, Robert J. (Robert Julius), b. 1894."
          },
          {
            "t": "Experimental chemotherapy."
          },
          {
            "d": "New York, Academic Press, 1963-67"
          },
          {
            "w": "(OCoLC)606124520"
          }
        ]
      }
    },
    {
      "948": {
        "ind1": "\\",
        "ind2": "\\",
        "subfields": [
          {
            "h": "NO HOLDINGS IN NYRVC - 220 OTHER HOLDINGS"
          }
        ]
      }
    },
    {
      "994": {
        "ind1": "\\",
        "ind2": "\\",
        "subfields": [
          {
            "a": "Z0"
          },
          {
            "b": "NYRVC"
          }
        ]
      }
    },
    {
      "999": {
        "ind1": "\\",
        "ind2": "\\",
        "subfields": [
          {
            "a": "00000000012074"
          },
          {
            "v": "v. 1"
          }
        ]
      }
    }
  ]
}